@inproceedings{pavlovic2001learning,
  title={Learning switching linear models of human motion},
  author={Pavlovic, Vladimir and Rehg, James M and MacCormick, John},
  booktitle={Advances in neural information processing systems},
  pages={981--987},
  year={2001}
}

@article{ghahramani2000variational,
  title={Variational learning for switching state-space models},
  author={Ghahramani, Zoubin and Hinton, Geoffrey E},
  journal={Neural computation},
  volume={12},
  number={4},
  pages={831--864},
  year={2000},
  publisher={MIT Press}
}

@article{frohwirth2008model,
  title={Model-based clustering of multiple time series},
  author={Fr{\"o}hwirth-Schnatter, Sylvia and Kaufmann, Sylvia},
  journal={Journal of Business \& Economic Statistics},
  volume={26},
  number={1},
  pages={78--89},
  year={2008},
  publisher={Taylor \& Francis}
}

@article{whiteley2010efficient,
  title={Efficient Bayesian inference for switching state-space models using discrete particle Markov chain Monte Carlo methods},
  author={Whiteley, Nick and Andrieu, Christophe and Doucet, Arnaud},
  journal={arXiv preprint arXiv:1011.2437},
  year={2010}
}

@inproceedings{cappe2009inference,
  title={Inference in hidden markov models},
  author={Capp{\'e}, Olivier and Moulines, Eric and Ryd{\'e}n, Tobias},
  booktitle={Proceedings of EUSFLAT Conference},
  pages={14--16},
  year={2009}
}

@article{giordani2007unified,
  title={A unified approach to nonlinearity, structural change, and outliers},
  author={Giordani, Paolo and Kohn, Robert and van Dijk, Dick},
  journal={Journal of Econometrics},
  volume={137},
  number={1},
  pages={112--133},
  year={2007},
  publisher={Elsevier}
}

@article{barembruch2009approximate,
  title={On approximate maximum-likelihood methods for blind identification: how to cope with the curse of dimensionality},
  author={Barembruch, Steffen and Garivier, Aur{\'e}lien and Moulines, Eric},
  journal={IEEE Transactions on Signal Processing},
  volume={57},
  number={11},
  pages={4247--4259},
  year={2009},
  publisher={IEEE}
}

@article{esling2012time,
  title={Time-series data mining},
  author={Esling, Philippe and Agon, Carlos},
  journal={ACM Computing Surveys (CSUR)},
  volume={45},
  number={1},
  pages={12},
  year={2012},
  publisher={ACM}
}

@book{horst2004data,
  title={Data mining in time series databases},
  author={Horst, Bunke and Abraham, Kandel},
  volume={57},
  year={2004},
  publisher={World scientific}
}

@inproceedings{preston2009event,
  title={Event discovery in time series},
  author={Preston, Dan and Protopapas, Pavlos and Brodley, Carla},
  booktitle={Proceedings of the 2009 SIAM International Conference on Data Mining},
  pages={61--72},
  year={2009},
  organization={SIAM}
}

@inproceedings{patel2002mining,
  title={Mining motifs in massive time series databases},
  author={Patel, Pranav and Keogh, Eamonn and Lin, Jessica and Lonardi, Stefano},
  booktitle={Data Mining, 2002. ICDM 2003. Proceedings. 2002 IEEE International Conference on},
  pages={370--377},
  year={2002},
  organization={IEEE}
}

@article{shumway2000time,
  title={Time series analysis and its applications},
  author={Shumway, Robert H and Stoffer, David S},
  journal={Studies In Informatics And Control},
  volume={9},
  number={4},
  pages={375--376},
  year={2000},
  publisher={Springer}
}

@article{turner2011two,
  title={Two problems with variational expectation maximisation for time-series models},
  author={Turner, Richard E and Sahani, Maneesh},
  journal={Bayesian Time series models},
  volume={1},
  number={3.1},
  pages={3--1},
  year={2011},
  publisher={Cambridge, UK: Cambridge Univ. Press}
}

@article{hoffman2014no,
  title={The No-U-turn sampler: adaptively setting path lengths in Hamiltonian Monte Carlo.},
  author={Hoffman, Matthew D and Gelman, Andrew},
  journal={Journal of Machine Learning Research},
  volume={15},
  number={1},
  pages={1593--1623},
  year={2014}
}

@article{girolami2011riemann,
  title={Riemann manifold langevin and hamiltonian monte carlo methods},
  author={Girolami, Mark and Calderhead, Ben},
  journal={Journal of the Royal Statistical Society: Series B (Statistical Methodology)},
  volume={73},
  number={2},
  pages={123--214},
  year={2011},
  publisher={Wiley Online Library}
}

@article{carpenter2016stan,
  title={Stan: A probabilistic programming language},
  author={Carpenter, Bob and Gelman, Andrew and Hoffman, Matt and Lee, Daniel and Goodrich, Ben and Betancourt, Michael and Brubaker, Michael A and Guo, Jiqiang and Li, Peter and Riddell, Allen and others},
  journal={Journal of Statistical Software},
  volume={20},
  number={2},
  pages={1--37},
  year={2016}
}

@inproceedings{ikoma2002tracking,
  title={Tracking of maneuvering target by using switching structure and heavy-tailed distribution with particle filter method},
  author={Ikoma, N and Higuchi, T and Maeda, H},
  booktitle={Control Applications, 2002. Proceedings of the 2002 International Conference on},
  volume={2},
  pages={1282--1287},
  year={2002},
  organization={IEEE}
}

@inproceedings{lee2013quantified,
  title={Quantified recess: design of an activity for elementary students involving analyses of their own movement data},
  author={Lee, Victor R and Drake, Joel},
  booktitle={Proceedings of the 12th international conference on interaction design and children},
  pages={273--276},
  year={2013},
  organization={ACM}
}

@article{lee2011integrating,
  title={Integrating physical activity data technologies into elementary school classrooms},
  author={Lee, Victor R and Thomas, Jonathan M},
  journal={Educational Technology Research and Development},
  volume={59},
  number={6},
  pages={865--884},
  year={2011},
  publisher={Springer}
}

@article{jasra2005markov,
  title={Markov chain Monte Carlo methods and the label switching problem in Bayesian mixture modeling},
  author={Jasra, Ajay and Holmes, Chris C and Stephens, David A},
  journal={Statistical Science},
  pages={50--67},
  year={2005},
  publisher={JSTOR}
}

@article{kim1999state,
  title={State-space models with regime switching: classical and Gibbs-sampling approaches with applications},
  author={Kim, Chang-Jin and Nelson, Charles R and others},
  journal={MIT Press Books},
  volume={1},
  year={1999},
  publisher={The MIT press}
}

@article{bar1993estimation,
  title={Estimation and tracking- Principles, techniques, and software},
  author={Bar-Shalom, Yaakov and Li, Xiao-Rong},
  journal={Norwood, MA: Artech House, Inc, 1993.},
  year={1993}
}

@inproceedings{gnoli2014back,
  title={Back to the future: embodied classroom simulations of animal foraging},
  author={Gnoli, Alessandro and Perritano, Anthony and Guerra, Paulo and Lopez, Brenda and Brown, Joel and Moher, Tom},
  booktitle={Proceedings of the 8th International Conference on Tangible, Embedded and Embodied Interaction},
  pages={275--282},
  year={2014},
  organization={ACM}
}

@inproceedings{brady2014getting,
  title={Getting your Drift--Activity designs for grappling with evolution},
  author={Brady, Corey and Horn, Michael and Wilensky, Uri and Wagh, Aditi and Hjorth, Arthur and Banerjee, Amartya},
  booktitle={Proceedings of International Conference of the Learning Sciences, ICLS},
  volume={3},
  number={January},
  pages={1603--1604},
  year={2014},
  organization={International Society of the Learning Sciences}
}

@article{colella2000participatory,
  title={Participatory simulations: Building collaborative understanding through immersive dynamic modeling},
  author={Colella, Vanessa},
  journal={The journal of the Learning Sciences},
  volume={9},
  number={4},
  pages={471--500},
  year={2000},
  publisher={Taylor \& Francis}
}

@inproceedings{wilensky2013networked,
  title={Networked gridlock: Students enacting complex dynamic phenomena with the HubNet architecture},
  author={Wilensky, Uri and Stroup, Walter M},
  booktitle={Proceedings of the 4th International Conference of the Learning Sciences},
  pages={282--289},
  year={2013},
  organization={Erlbaum}
}

@article{ioannidou2010mr,
  title={Mr. Vetro: A collective simulation for teaching health science},
  author={Ioannidou, Andri and Repenning, Alexander and Webb, David and Keyser, Diane and Luhn, Lisa and Daetwyler, Christof},
  journal={International Journal of Computer-Supported Collaborative Learning},
  volume={5},
  number={2},
  pages={141--166},
  year={2010},
  publisher={Springer}
}
v
@inproceedings{moher2008wallcology,
  title={WallCology: Designing interaction affordances for learner engagement in authentic science inquiry},
  author={Moher, Tom and Uphoff, Brian and Bhatt, Darshan and L{\'o}pez Silva, Brenda and Malcolm, Peter},
  booktitle={Proceedings of the SIGCHI Conference on Human Factors in Computing Systems},
  pages={163--172},
  year={2008},
  organization={ACM}
}

@article{wilensky1999thinking,
  title={Thinking in levels: A dynamic systems approach to making sense of the world},
  author={Wilensky, Uri and Resnick, Mitchel},
  journal={Journal of Science Education and technology},
  volume={8},
  number={1},
  pages={3--19},
  year={1999},
  publisher={Springer}
}

@article{murphy2002dynamic,
  title={Dynamic bayesian networks: representation, inference and learning},
  author={Murphy, Kevin Patrick and Russell, Stuart},
  year={2002},
  publisher={University of California, Berkeley}
}

@incollection{dede2017virtual,
  title={Virtual Reality as an Immersive Medium for Authentic Simulations},
  author={Dede, Chris and Grotzer, Tina A and Kamarainen, Amy and Metcalf, Shari J},
  booktitle={Virtual, Augmented, and Mixed Realities in Education},
  pages={133--156},
  year={2017},
  publisher={Springer}
}

@article{wu2017beyond,
  title={Beyond Sparsity: Tree Regularization of Deep Models for Interpretability},
  author={Wu, Mike and Hughes, Michael C and Parbhoo, Sonali and Zazzi, Maurizio and Roth, Volker and Doshi-Velez, Finale},
  journal={arXiv preprint arXiv:1711.06178},
  year={2017}
}

@inproceedings{smordal2012hybrid,
  title={Hybrid spaces for science learning: New demands and opportunities for research},
  author={Sm{\o}rdal, Ole and Slotta, Jim and Moher, Tom and Lui, Michelle and Jornet, Alfredo},
  booktitle={International Conference of the Learning Sciences. Sydney, Australia. http://www. uv. uio. no/intermedia/english/research/projects/miracle/news/pdf/ICLS 2012 Symposium Hybrid\_Spaces. pdf},
  year={2012}
}

@article{resnick1998diving,
  title={Diving into complexity: Developing probabilistic decentralized thinking through role-playing activities},
  author={Resnick, Mitchel and Wilensky, Uri},
  journal={The Journal of the Learning Sciences},
  volume={7},
  number={2},
  pages={153--172},
  year={1998},
  publisher={Taylor \& Francis}
}

@article{wilensky2006thinking,
  title={Thinking like a wolf, a sheep, or a firefly: Learning biology through constructing and testing computational theories—an embodied modeling approach},
  author={Wilensky, Uri and Reisman, Kenneth},
  journal={Cognition and instruction},
  volume={24},
  number={2},
  pages={171--209},
  year={2006},
  publisher={Taylor \& Francis}
}

@inproceedings{fox2009nonparametric,
  title={Nonparametric Bayesian learning of switching linear dynamical systems},
  author={Fox, Emily and Sudderth, Erik B and Jordan, Michael I and Willsky, Alan S},
  booktitle={Advances in Neural Information Processing Systems},
  pages={457--464},
  year={2009}
}

@article{ghahramani2001introduction,
  title={An introduction to hidden Markov models and Bayesian networks},
  author={Ghahramani, Zoubin},
  journal={International journal of pattern recognition and artificial intelligence},
  volume={15},
  number={01},
  pages={9--42},
  year={2001},
  publisher={World Scientific}
}

@incollection{mackay1998introduction,
  title={Introduction to monte carlo methods},
  author={MacKay, David JC},
  booktitle={Learning in graphical models},
  pages={175--204},
  year={1998},
  publisher={Springer}
}

@article{jonsen2007identifying,
  title={Identifying leatherback turtle foraging behaviour from satellite telemetry using a switching state-space model},
  author={Jonsen, Ian D and Myers, Ransom A and James, Michael C},
  journal={Marine Ecology Progress Series},
  volume={337},
  pages={255--264},
  year={2007},
  publisher={JSTOR}
}

@inproceedings{fox2007hierarchical,
  title={Hierarchical Dirichlet processes for tracking maneuvering targets},
  author={Fox, Emily B and Sudderth, Erik B and Willsky, Alan S},
  booktitle={Information Fusion, 2007 10th International Conference on},
  pages={1--8},
  year={2007},
  organization={IEEE}
}

@article{li2003survey,
  title={Survey of maneuvering target tracking. Part I. Dynamic models},
  author={Li, X Rong and Jilkov, Vesselin P},
  journal={IEEE Transactions on aerospace and electronic systems},
  volume={39},
  number={4},
  pages={1333--1364},
  year={2003},
  publisher={IEEE}
}

@inproceedings{vlachos2003wavelet,
  title={A wavelet-based anytime algorithm for k-means clustering of time series},
  author={Vlachos, Michail and Lin, Jessica and Keogh, Eamonn and Gunopulos, Dimitrios},
  booktitle={In Proc. Workshop on Clustering High Dimensionality Data and Its Applications},
  year={2003},
  organization={Citeseer}
}

@article{tanaka2005discovery,
  title={Discovery of time-series motif from multi-dimensional data based on MDL principle},
  author={Tanaka, Yoshiki and Iwamoto, Kazuhisa and Uehara, Kuniaki},
  journal={Machine Learning},
  volume={58},
  number={2-3},
  pages={269--300},
  year={2005},
  publisher={Springer}
}

@article{forney1973viterbi,
  title={The viterbi algorithm},
  author={Forney, G David},
  journal={Proceedings of the IEEE},
  volume={61},
  number={3},
  pages={268--278},
  year={1973},
  publisher={IEEE}
}

@article{nasrabadi2007pattern,
  title={Pattern recognition and machine learning},
  author={Nasrabadi, Nasser M},
  journal={Journal of electronic imaging},
  volume={16},
  number={4},
  pages={049901},
  year={2007},
  publisher={International Society for Optics and Photonics}
}

@book{gelman2014bayesian,
  title={Bayesian data analysis},
  author={Gelman, Andrew and Carlin, John B and Stern, Hal S and Dunson, David B and Vehtari, Aki and Rubin, Donald B},
  volume={2},
  year={2014},
  publisher={CRC press Boca Raton, FL}
}

@article{blei2003latent,
  title={Latent dirichlet allocation},
  author={Blei, David M and Ng, Andrew Y and Jordan, Michael I},
  journal={Journal of machine Learning research},
  volume={3},
  number={Jan},
  pages={993--1022},
  year={2003}
}

@inproceedings{saul1996exploiting,
  title={Exploiting tractable substructures in intractable networks},
  author={Saul, Lawrence K and Jordan, Michael I},
  booktitle={Advances in neural information processing systems},
  pages={486--492},
  year={1996}
}

@article{saul1996mean,
  title={Mean field theory for sigmoid belief networks},
  author={Saul, Lawrence K and Jaakkola, Tommi and Jordan, Michael I},
  journal={Journal of artificial intelligence research},
  volume={4},
  pages={61--76},
  year={1996}
}

@article{oh2008learning,
  title={Learning and inferring motion patterns using parametric segmental switching linear dynamic systems},
  author={Oh, Sang Min and Rehg, James M and Balch, Tucker and Dellaert, Frank},
  journal={International Journal of Computer Vision},
  volume={77},
  number={1-3},
  pages={103--124},
  year={2008},
  publisher={Springer}
}

@article{neal2011mcmc,
  title={MCMC using Hamiltonian dynamics},
  author={Neal, Radford M and others},
  journal={Handbook of Markov Chain Monte Carlo},
  volume={2},
  number={11},
  year={2011},
  publisher={CRC Press New York, NY}
}

@article{shumway1991dynamic,
  title={Dynamic linear models with switching},
  author={Shumway, Robert H and Stoffer, David S},
  journal={Journal of the American Statistical Association},
  volume={86},
  number={415},
  pages={763--769},
  year={1991},
  publisher={Taylor \& Francis}
}

@article{kim1994dynamic,
  title={Dynamic linear models with Markov-switching},
  author={Kim, Chang-Jin},
  journal={Journal of Econometrics},
  volume={60},
  number={1-2},
  pages={1--22},
  year={1994},
  publisher={Elsevier}
}

@article{ferguson1973bayesian,
  title={A Bayesian analysis of some nonparametric problems},
  author={Ferguson, Thomas S},
  journal={The annals of statistics},
  pages={209--230},
  year={1973},
  publisher={JSTOR}
}

@article{neal2000markov,
  title={Markov chain sampling methods for Dirichlet process mixture models},
  author={Neal, Radford M},
  journal={Journal of computational and graphical statistics},
  volume={9},
  number={2},
  pages={249--265},
  year={2000},
  publisher={Taylor \& Francis Group}
}

@inproceedings{teh2005sharing,
  title={Sharing clusters among related groups: Hierarchical Dirichlet processes},
  author={Teh, Yee W and Jordan, Michael I and Beal, Matthew J and Blei, David M},
  booktitle={Advances in neural information processing systems},
  pages={1385--1392},
  year={2005}
}

@inproceedings{teh2006hierarchical,
  title={A hierarchical Bayesian language model based on Pitman-Yor processes},
  author={Teh, Yee Whye},
  booktitle={Proceedings of the 21st International Conference on Computational Linguistics and the 44th annual meeting of the Association for Computational Linguistics},
  pages={985--992},
  year={2006},
  organization={Association for Computational Linguistics}
}

@article{pitman1997two,
  title={The two-parameter Poisson-Dirichlet distribution derived from a stable subordinator},
  author={Pitman, Jim and Yor, Marc},
  journal={The Annals of Probability},
  pages={855--900},
  year={1997},
  publisher={JSTOR}
}

@inproceedings{attias2000variational,
  title={A variational baysian framework for graphical models},
  author={Attias, Hagai},
  booktitle={Advances in neural information processing systems},
  pages={209--215},
  year={2000}
}


@article{gershman2012tutorial,
  title={A tutorial on Bayesian nonparametric models},
  author={Gershman, Samuel J and Blei, David M},
  journal={Journal of Mathematical Psychology},
  volume={56},
  number={1},
  pages={1--12},
  year={2012},
  publisher={Elsevier}
}

@article{blei2006variational,
  title={Variational inference for Dirichlet process mixtures},
  author={Blei, David M and Jordan, Michael I and others},
  journal={Bayesian analysis},
  volume={1},
  number={1},
  pages={121--143},
  year={2006},
  publisher={International Society for Bayesian Analysis}
}

@inproceedings{blunsom2011hierarchical,
  title={A hierarchical Pitman-Yor process HMM for unsupervised part of speech induction},
  author={Blunsom, Phil and Cohn, Trevor},
  booktitle={Proceedings of the 49th Annual Meeting of the Association for Computational Linguistics: Human Language Technologies-Volume 1},
  pages={865--874},
  year={2011},
  organization={Association for Computational Linguistics}
}


@article{neal2003slice,
  title={Slice sampling},
  author={Neal, Radford M},
  journal={Annals of statistics},
  pages={705--741},
  year={2003},
  publisher={JSTOR}
}

